% Encoding: UTF-8

@Article{Turkman,
  author  = {Turkman, Maria A Amaral and Silva, Giovani Loiola},
  journal = {Sociedade Portuguesa de Estat{\'\i}stica, Lisboa},
  title   = {Modelos Lineares Generalizados--da teoria {\`a} pr{\'a}tica},
  year    = {2000},
}

@Article{Cordeiro,
  author  = {Cordeiro, Gauss Moutinho and Dem{\'e}trio, Clarice GB},
  journal = {Piracicaba: USP},
  title   = {Modelos lineares generalizados e extens{\~o}es},
  year    = {2008},
}

@Comment{jabref-meta: databaseType:bibtex;}

@electronic{kaggle,
Author = {{Jahanvee Narang}},
Note = {Access date: 17 fev. 2022},
Organization = {Kaggle},
Title = {Ad Click Prediction - Classification Problem},
Url = {https://www.kaggle.com/jahnveenarang/cvdcvd-vd},
Urldate = {04 jul. 2021},
Year = {2021}}

